@article{Wood2018DifferentialPA,
	title={Differential Privacy: A Primer for a Non-Technical Audience},
	author={Alexandra Wood and Micah Altman and Aaron Bembenek and Mark Bun and Marco Gaboardi and James Honaker and Kobbi Nissim and David O'Brien and Thomas Steinke and Salil P. Vadhan},
	journal={ChemRN: Computational Materials Science (Topic)},
	year={2018},
	url={https://api.semanticscholar.org/CorpusID:3352963}
}

@article{db,
	title={Защита удаленной пользовательской статистики с помощью механизмов дифференциальной приватности},
	author={Криштопова, Е. А.},
	journal={Технические средства защиты информации : тезисы докладов ХVII Белорусско-российской научно – технической конференции},
	year={2019},
}

@article{harvard,
	title={Technology Factsheet: Differential Privacy},
	author={Raina Gandhi},
	journal={Belfer Center for Science and International Affairs, Harvard Kennedy School},
	year={2020},
}

@article{framework,
	author    = {Чарыева, Дуня Жанбердиевна and Атаева, Гульджерен Бяшимдурдыевна and Гарагулова, Махым Чарыгелдиевна},
	title     = {ПЛЮСЫ И МИНУСЫ ИСПОЛЬЗОВАНИЯ ФРЕЙМВОРКА},
	journal   = {Наука и мировоззрение},
	year      = {2024},
	number    = {23},
	url       = {https://cyberleninka.ru/article/n/plyusy-i-minusy-ispolzovaniya-freymvorka},
	note      = {Дата обращения: 05.12.2024}
}

@article{main,
	title={Differential privacy: its technological prescriptive using big data},
	author={Jain P., Gyanchandani M., Khare, N.},
	year={2018},
}

@article{classOfDP,
	author={Hu X, Yuan M, Yao J, Deng Y, Chen L, Yang Q, Guan H, Zeng J},
	title={Differential privacy in telco big data platform},
	journal={Proc VLDB Endow},
	yaer={2015},
}

@article{Lee2008,
	author    = {Lee, D.},
	title     = {Protecting patient data confidentiality using differential privacy},
	year      = {2008},
	journal   = {Scholar Archive},
	number    = {392},
}

@article{Gaboardi2020,
	author    = {Marco Gaboardi and Michael Hay and Salil Vadhan},
	title     = {A Programming Framework for OpenDP},
	year      = {2020},
	month     = {May},
	note      = {Available at: \url{https://ppl-ai-file-upload.s3.amazonaws.com/web/direct-files/34954895/c3450e16-c497-4f55-8081-c9df3cc1c471/paste-2.txt}},
}

@misc{diffprivlibibmdifferentialprivacy,
	title={Diffprivlib: The IBM Differential Privacy Library}, 
	author={Naoise Holohan and Stefano Braghin and Mac Aonghusa and Killian Levacher},
	year={2019},
	eprint={1907.02444},
	archivePrefix={arXiv},
	primaryClass={cs.CR},
	url={https://arxiv.org/abs/1907.02444}, 
}